@inproceedings{pycket15,
	address = {New York, NY, USA},
	author = {Bauman, Spenser and Bolz, Carl Friedrich and Hirschfeld, Robert and Kirilichev, Vasily and Pape, Tobias and Siek, Jeremy G. and Tobin-Hochstadt, Sam},
	booktitle = {Proceedings of the 20th {ACM} {SIGPLAN} {International} {Conference} on {Functional} {Programming}},
	doi = {10.1145/2784731.2784740},
	isbn = {978-1-4503-3669-7},
	keywords = {JIT compilers; Racket; contracts; functional languages; tracing},
	note = {event-place: Vancouver, BC, Canada},
	pages = {22--34},
	publisher = {ACM},
	series = {{ICFP} 2015},
	shorttitle = {Pycket},
	title = {Pycket: {A} {Tracing} {JIT} for a {Functional} {Language}},
	url = {http://doi.acm.org/10.1145/2784731.2784740},
	urldate = {2019-03-22TZ},
	year = {2015}
}

@inproceedings{bolz09,
	address = {New York, NY, USA},
	author = {Bolz, Carl Friedrich and Cuni, Antonio and Fijalkowski, Maciej and Rigo, Armin},
	booktitle = {Proceedings of the 4th {Workshop} on the {Implementation}, {Compilation}, {Optimization} of {Object}-{Oriented} {Languages} and {Programming} {Systems}},
	doi = {10.1145/1565824.1565827},
	isbn = {978-1-60558-541-3},
	note = {event-place: Genova, Italy},
	pages = {18--25},
	publisher = {ACM},
	series = {{ICOOOLPS} '09},
	shorttitle = {Tracing the {Meta}-level},
	title = {Tracing the {Meta}-level: {PyPy}'s {Tracing} {JIT} {Compiler}},
	url = {http://doi.acm.org/10.1145/1565824.1565827},
	urldate = {2019-03-22TZ},
	year = {2009}
}